
@book{silberschatz_operating_2018,
	edition = {10th ed},
	title = {Operating {System} {Concepts}, {Enhanced} {Edition}},
	isbn = {978-1-119-32091-3},
	language = {eng},
	publisher = {Wiley},
	author = {Silberschatz, Abraham and Gagne, Greg and Galvin, Peter B.},
	year = {2018},
	note = {OCLC: 1200109795},
}

@misc{parmar_microsoft_2020,
	title = {Microsoft reveals why {Windows} 10 browsers create so many processes},
	url = {https://www.windowslatest.com/2020/10/06/why-windows-10-web-browsers-create-so-many-processes/},
	abstract = {Processes are pieces of programs and it’s common to have a great number of processes running within Windows 10. To examine your processes on Windows 10, you can open Task Manager and then browse the processes tab. It’s normal to have great many of them and a lot of the processes are definitely important. Some …},
	language = {en-US},
	urldate = {2023-04-14},
	journal = {Windows Latest},
	author = {Parmar, Mayank},
	month = oct,
	year = {2020},
	note = {Section: Windows 10 PC},
	file = {Snapshot:C\:\\Users\\kiera\\Zotero\\storage\\Q4LVMPAH\\why-windows-10-web-browsers-create-so-many-processes.html:text/html},
}

@misc(manual_sem_init,
	title = {sem\_init Manual Page},
	url = {https://man7.org/linux/man-pages/man3/sem_init.3.html},
	author = {manual},
	urldate = {2023-04-23},
)

@misc(manual_sem_wait,
	title = {sem\_wait Manual Page},
	url = {https://man7.org/linux/man-pages/man3/sem_wait.3.html},
	author = {manual},
	urldate = {2023-04-23},
)
